<?xml version="1.0" encoding="UTF-8"?><collection xmlns="http://www.loc.gov/MARC21/slim"><record><leader>00601nam--2200205-u-4500</leader><controlfield tag="001">000053554</controlfield><controlfield tag="002">20161230</controlfield><controlfield tag="005">20161230201051</controlfield><controlfield tag="008">110427s1000------------r-----000-0-rus-d</controlfield><datafield ind1=" " ind2=" " tag="040"><subfield code="a">IFIN-HH</subfield></datafield><datafield ind1=" " ind2=" " tag="041"><subfield code="a">rus</subfield></datafield><datafield ind1=" " ind2=" " tag="080"><subfield code="a">535.36</subfield></datafield><datafield ind1="1" ind2=" " tag="100"><subfield code="a">Crosignani, Bruno</subfield></datafield><datafield ind1="1" ind2="0" tag="245"><subfield code="a">Statisticeskie svoistva rasseiannogo sveta</subfield><subfield code="c">Bruno crosignani; p.di porto; m. bertolotti</subfield></datafield><datafield ind1=" " ind2=" " tag="260"><subfield code="a">Moskva</subfield><subfield code="b">Nauka</subfield><subfield code="c">1980</subfield></datafield><datafield ind1=" " ind2=" " tag="300"><subfield code="a">206P</subfield></datafield><datafield ind1=" " ind2=" " tag="500"><subfield code="a">Titlul Original In Limba Engleza: Statistical Properties Of Scattered Light</subfield></datafield><datafield ind1="1" ind2=" " tag="700"><subfield code="a">Bertolotti, M</subfield></datafield><datafield ind1=" " ind2=" " tag="852"><subfield code="a">48957</subfield><subfield code="c">535.37</subfield></datafield><datafield ind1=" " ind2=" " tag="CAT"><subfield code="a">Sys</subfield><subfield code="c">20110427</subfield><subfield code="h">095809</subfield></datafield></record></collection>